<collection xmlns="http://www.loc.gov/MARC21/slim">
<record>
  <leader>02516nam0a22003611i 450 </leader>
  <controlfield tag="001">IT\ICCU\CNCE\050842</controlfield>
  <controlfield tag="005">20190322000000.0</controlfield>
  <datafield tag="100" ind1=" " ind2=" ">
    <subfield code="a">20000510d1595        0itac0103    ba</subfield>
  </datafield>
  <datafield tag="101" ind1=" " ind2=" ">
    <subfield code="a">ITA</subfield>
  </datafield>
  <datafield tag="102" ind1=" " ind2=" ">
    <subfield code="a">IT</subfield>
  </datafield>
  <datafield tag="200" ind1="1" ind2=" ">
    <subfield code="a">℗Le ℗vite de&apos; santi padri insieme col prato spirituale. Nuouamente da m. Giovan Mario Verdizzotti del tutto riformate, corrette, et emendate, cosi intorno la lingua, come intorno alle cose, et espurgate da infiniti errori di che eran piene, accioche da questa gioueuole, et pia lettione i christiani gelosi della salute dell&apos;anime loro, possano apprender molti salutiferi essempi, di astinentia, di patientia, et di tutto quel che gioua a guadagnarsi il paradiso. Con le figure, le quali rappresentano come in viuo ritratto tutta la historia. Et con la tauola de&apos; capitoli di tutta l&apos;opera</subfield>
  </datafield>
  <datafield tag="210" ind1=" " ind2=" ">
    <subfield code="a">In Venetia</subfield>
    <subfield code="c">\Fioravante Prati!</subfield>
    <subfield code="c">appresso Gio. Battista Ussio</subfield>
    <subfield code="d">1595</subfield>
  </datafield>
  <datafield tag="215" ind1=" " ind2=" ">
    <subfield code="a">4ʻ</subfield>
  </datafield>
  <datafield tag="300" ind1=" " ind2=" ">
    <subfield code="a">ANNULLATA in seguito a comunicazioni della biblioteca</subfield>
  </datafield>
  <datafield tag="620" ind1=" " ind2=" ">
    <subfield code="a">IT</subfield>
    <subfield code="d">Venezia</subfield>
  </datafield>
  <datafield tag="700" ind1=" " ind2="1">
    <subfield code="a">Verdizzotti,</subfield>
    <subfield code="b">Giovanni Mario</subfield>
    <subfield code="3">IT\ICCU\CNCA\006395</subfield>
  </datafield>
  <datafield tag="712" ind1="0" ind2="0">
    <subfield code="a">Prati, Fioravante</subfield>
    <subfield code="3">IT\ICCU\CNCT\000576</subfield>
    <subfield code="4">650</subfield>
  </datafield>
  <datafield tag="712" ind1="0" ind2="0">
    <subfield code="a">Porta, Giovanni Battista</subfield>
    <subfield code="3">IT\ICCU\CNCT\000283</subfield>
    <subfield code="4">650</subfield>
  </datafield>
  <datafield tag="790" ind1=" " ind2="1">
    <subfield code="a">Verdezzotti,</subfield>
    <subfield code="b">Giovanni Mario</subfield>
    <subfield code="3">IT\ICCU\CNCA\023888</subfield>
    <subfield code="z">Verdizzotti, Giovanni Mario</subfield>
  </datafield>
  <datafield tag="790" ind1=" " ind2="1">
    <subfield code="a">Verdizotus,</subfield>
    <subfield code="b">Ioannes Marius</subfield>
    <subfield code="3">IT\ICCU\CNCA\023889</subfield>
    <subfield code="z">Verdizzotti, Giovanni Mario</subfield>
  </datafield>
  <datafield tag="790" ind1=" " ind2="1">
    <subfield code="a">Verdizotti,</subfield>
    <subfield code="b">Giovanni Mario</subfield>
    <subfield code="3">IT\ICCU\CNCA\023890</subfield>
    <subfield code="z">Verdizzotti, Giovanni Mario</subfield>
  </datafield>
  <datafield tag="790" ind1=" " ind2="1">
    <subfield code="a">Verdizzoti,</subfield>
    <subfield code="b">Giovanni Maria</subfield>
    <subfield code="3">IT\ICCU\CNCA\023891</subfield>
    <subfield code="z">Verdizzotti, Giovanni Mario</subfield>
  </datafield>
  <datafield tag="791" ind1="0" ind2="0">
    <subfield code="a">Prato, Floravans a</subfield>
    <subfield code="3">IT\ICCU\CNCT\005506</subfield>
    <subfield code="z">Prati, Fioravante</subfield>
  </datafield>
  <datafield tag="791" ind1="0" ind2="0">
    <subfield code="a">Pratus, Floravans</subfield>
    <subfield code="3">IT\ICCU\CNCT\005507</subfield>
    <subfield code="z">Prati, Fioravante</subfield>
  </datafield>
  <datafield tag="791" ind1="0" ind2="0">
    <subfield code="a">Ostio, Iohannes Baptista ab</subfield>
    <subfield code="3">IT\ICCU\CNCT\002284</subfield>
    <subfield code="z">Porta, Giovanni Battista</subfield>
  </datafield>
  <datafield tag="791" ind1="0" ind2="0">
    <subfield code="a">Hostio, Ioahnnes Baptista ab</subfield>
    <subfield code="3">IT\ICCU\CNCT\002533</subfield>
    <subfield code="z">Porta, Giovanni Battista</subfield>
  </datafield>
  <datafield tag="791" ind1="0" ind2="0">
    <subfield code="a">Uscio, Giovanni Battista</subfield>
    <subfield code="3">IT\ICCU\CNCT\004058</subfield>
    <subfield code="z">Porta, Giovanni Battista</subfield>
  </datafield>
  <datafield tag="791" ind1="0" ind2="0">
    <subfield code="a">Ussio, Giovanni Battista</subfield>
    <subfield code="3">IT\ICCU\CNCT\005477</subfield>
    <subfield code="z">Porta, Giovanni Battista</subfield>
  </datafield>
  <datafield tag="791" ind1="0" ind2="0">
    <subfield code="a">Ussius, Ioannes Baptista</subfield>
    <subfield code="3">IT\ICCU\CNCT\005478</subfield>
    <subfield code="z">Porta, Giovanni Battista</subfield>
  </datafield>
  <datafield tag="801" ind1=" " ind2="3">
    <subfield code="a">IT</subfield>
    <subfield code="b">ICCU</subfield>
    <subfield code="c">20201115</subfield>
  </datafield>
  <datafield tag="899" ind1=" " ind2=" ">
    <subfield code="a">Biblioteca Boffito del collegio Alle Querce. Firenze</subfield>
    <subfield code="1">FI0043</subfield>
    <subfield code="2">ZFI 45</subfield>
  </datafield>
  <datafield tag="911" ind1=" " ind2=" ">
    <subfield code="a">Sul front.</subfield>
    <subfield code="9">IT\ICCU\CNCM\001108</subfield>
  </datafield>
  <datafield tag="921" ind1=" " ind2=" ">
    <subfield code="a">IT\ICCU\CNCM\001108</subfield>
    <subfield code="b">Tre alberi  in un prato, ognuno sormontato da una colomba. Nella cornice del frontespizio</subfield>
    <subfield code="c">U146</subfield>
    <subfield code="d">Dimensione dell&apos;ovale: 2,5 x 3,5</subfield>
    <subfield code="f">ALBERI</subfield>
    <subfield code="f">COLOMBE</subfield>
    <subfield code="g">1587-1600</subfield>
  </datafield>
</record>
</collection>
